<?xml version="1.0" encoding="UTF-8"?><collection xmlns="http://www.loc.gov/MARC21/slim"><record><leader>00390nam--2200145-i-4500</leader><controlfield tag="001">000038098</controlfield><controlfield tag="002">20161230</controlfield><controlfield tag="005">20161230201041</controlfield><controlfield tag="008">060222s1000------------r-----000-0-eng-d</controlfield><datafield ind1=" " ind2=" " tag="080"><subfield code="a">547.25</subfield></datafield><datafield ind1=" " ind2=" " tag="100"><subfield code="a">Reich, Leo And Schindler, A</subfield></datafield><datafield ind1=" " ind2=" " tag="245"><subfield code="a">Polymerization by organometallic compounds</subfield></datafield><datafield ind1=" " ind2=" " tag="260"><subfield code="a">New York, Interscience Publ., 1966, X + 740p</subfield></datafield><datafield ind1=" " ind2=" " tag="490"><subfield code="a">Polymer Reviews</subfield></datafield><datafield ind1=" " ind2=" " tag="852"><subfield code="a">25074</subfield></datafield></record></collection>